<record><leader>00000cas a22000007a 4500</leader><controlfield tag="001">18219207</controlfield><controlfield tag="008">880715d18761876nyusr ne      0    0eng d</controlfield><datafield ind1=" " ind2=" " tag="010"><subfield code="a">sn 88074271 </subfield></datafield><datafield ind1=" " ind2=" " tag="040"><subfield code="a">NYS</subfield><subfield code="b">eng</subfield><subfield code="c">NYS</subfield><subfield code="d">OCLCQ</subfield></datafield><datafield ind1=" " ind2=" " tag="042"><subfield code="a">msc</subfield></datafield><datafield ind1="0" ind2="0" tag="245"><subfield code="a">Our little centennial.</subfield></datafield><datafield ind1=" " ind2=" " tag="260"><subfield code="a">Cowlesville, N.Y. :</subfield><subfield code="b">Gillett &amp; Co.,</subfield><subfield code="c">1876-1876.</subfield></datafield><datafield ind1=" " ind2=" " tag="300"><subfield code="a">v.</subfield></datafield><datafield ind1=" " ind2=" " tag="310"><subfield code="a">Semimonthly</subfield></datafield><datafield ind1="0" ind2=" " tag="362"><subfield code="a">Vol. 1, no. 1 (Jan. 24, 1876)-v. 1, no. 14 (July 25, 1876).</subfield></datafield><datafield ind1=" " ind2="4" tag="651"><subfield code="a">Cowlesville (N.Y.)</subfield><subfield code="v">Newspapers.</subfield></datafield><datafield ind1=" " ind2=" " tag="752"><subfield code="a">United States</subfield><subfield code="b">New York</subfield><subfield code="c">Wyoming</subfield><subfield code="d">Cowlesville.</subfield></datafield><datafield ind1="0" ind2="0" tag="785"><subfield code="t">Cowlesville news</subfield><subfield code="w">(DLC)sn 88074272</subfield><subfield code="w">(OCoLC)18219138</subfield></datafield></record>